@article{turk1991eigenfaces,
  title={Eigenfaces for recognition},
  author={Turk, Matthew and Pentland, Alex},
  journal={Journal of cognitive neuroscience},
  volume={3},
  number={1},
  pages={71--86},
  year={1991},
  publisher={MIT Press}
}

@inproceedings{turk1991face,
  title={Face recognition using eigenfaces},
  author={Turk, Matthew A and Pentland, Alex P},
  booktitle={Computer Vision and Pattern Recognition, 1991. Proceedings CVPR'91., IEEE Computer Society Conference on},
  pages={586--591},
  year={1991},
  organization={IEEE}
}

@article{belhumeur1997eigenfaces,
  title={Eigenfaces vs. fisherfaces: Recognition using class specific linear projection},
  author={Belhumeur, Peter N. and Hespanha, Jo{\~a}o P and Kriegman, David},
  journal={Pattern Analysis and Machine Intelligence, IEEE Transactions on},
  volume={19},
  number={7},
  pages={711--720},
  year={1997},
  publisher={IEEE}
}

@inproceedings{pentland1994view,
  title={View-based and modular eigenspaces for face recognition},
  author={Pentland, Alex and Moghaddam, Baback and Starner, Thad},
  booktitle={Computer Vision and Pattern Recognition, 1994. Proceedings CVPR'94., 1994 IEEE Computer Society Conference on},
  pages={84--91},
  year={1994},
  organization={IEEE}
}

@article{zhao2003face,
  title={Face recognition: A literature survey},
  author={Zhao, Wenyi and Chellappa, Rama and Phillips, P Jonathon and Rosenfeld, Azriel},
  journal={Acm Computing Surveys (CSUR)},
  volume={35},
  number={4},
  pages={399--458},
  year={2003},
  publisher={ACM}
}

@incollection{krivzaj2010adaptation,
  title={Adaptation of SIFT features for robust face recognition},
  author={Kri{\v{z}}aj, Janez and {\v{S}}truc, Vitomir and Pave{\v{s}}i{\'c}, Nikola},
  booktitle={Image Analysis and Recognition},
  pages={394--404},
  year={2010},
  publisher={Springer}
}

@book{szeliski2010computer,
  title={Computer vision: algorithms and applications},
  author={Szeliski, Richard},
  year={2010},
  publisher={Springer Science \& Business Media}
}

@book{jain2005handbook,
  title={Handbook of face recognition},
  author={Jain, Anil K and Li, Stan Z},
  volume={1},
  year={2005},
  publisher={Springer}
}

@article{yang2002detecting,
  title={Detecting faces in images: A survey},
  author={Yang, Ming-Hsuan and Kriegman, David and Ahuja, Narendra},
  journal={Pattern Analysis and Machine Intelligence, IEEE Transactions on},
  volume={24},
  number={1},
  pages={34--58},
  year={2002},
  publisher={IEEE}
}

@article{viola2004robust,
  title={Robust real-time face detection},
  author={Viola, Paul and Jones, Michael J},
  journal={International journal of computer vision},
  volume={57},
  number={2},
  pages={137--154},
  year={2004},
  publisher={Springer}
}

@inproceedings{osuna1997training,
  title={Training support vector machines: an application to face detection},
  author={Osuna, Edgar and Freund, Robert and Girosi, Federico},
  booktitle={Computer Vision and Pattern Recognition, 1997. Proceedings., 1997 IEEE Computer Society Conference on},
  pages={130--136},
  year={1997},
  organization={IEEE}
}