@ARTICLE{Matsushita2006, 
author={Matsushita, Y. and Ofek, E. and Weina Ge and Xiaoou Tang and Heung-Yeung Shum}, 
journal={Pattern Analysis and Machine Intelligence, IEEE Transactions on}, 
title={Full-frame video stabilization with motion inpainting}, 
year={2006}, 
month={July}, 
volume={28}, 
number={7}, 
pages={1150-1163}, 
keywords={image enhancement;image motion analysis;image resolution;image restoration;video signal processing;deblurring algorithm;full-frame video stabilization;image quality;motion inpainting;video enhancement;visual quality;Cameras;Filling;Image motion analysis;Image quality;Layout;Motion analysis;Motion estimation;Pixel;Robustness;Video sequences;Video analysis;motion inpainting;sharpning and deblurring;video completion;video enhancement.;video stabilization;Algorithms;Artifacts;Computer Graphics;Image Enhancement;Image Interpretation, Computer-Assisted;Information Storage and Retrieval;Motion;Numerical Analysis, Computer-Assisted;Paintings;Photography;Reproducibility of Results;Sensitivity and Specificity;Signal Processing, Computer-Assisted;Subtraction Technique;Video Recording}, 
doi={10.1109/TPAMI.2006.141}, 
ISSN={0162-8828},}
@inproceedings{litvin2003,
  title={Probabilistic video stabilization using Kalman filtering and mosaicing},
  author={Litvin, Andrey and Konrad, Janusz and Karl, William C},
  booktitle={Electronic Imaging 2003},
  pages={663--674},
  year={2003},
  organization={International Society for Optics and Photonics}
}
@inproceedings{battiato2007sift,
  title={SIFT features tracking for video stabilization},
  author={Battiato, Sebastiano and Gallo, Giovanni and Puglisi, Giovanni and Scellato, Salvatore},
  booktitle={Image Analysis and Processing, 2007. ICIAP 2007. 14th International Conference on},
  pages={825--830},
  year={2007},
  organization={IEEE}
}
@inproceedings{liu2009content,
  title={Content-preserving warps for 3D video stabilization},
  author={Liu, Feng and Gleicher, Michael and Jin, Hailin and Agarwala, Aseem},
  booktitle={ACM Transactions on Graphics (TOG)},
  volume={28},
  number={3},
  pages={44},
  year={2009},
  organization={ACM}
}
@inproceedings{grundmann2011auto,
  title={Auto-directed video stabilization with robust l1 optimal camera paths},
  author={Grundmann, Matthias and Kwatra, Vivek and Essa, Irfan},
  booktitle={Computer Vision and Pattern Recognition (CVPR), 2011 IEEE Conference on},
  pages={225--232},
  year={2011},
  organization={IEEE}
}